@BOOK{TRbook,
 author={GLASSNER, A. S.},
 title={An Introduction to Ray Tracing},
 publisher={Academic Press},
 year={1989}
}

@InProceedings{TaMi89,
  author    = {TAVARES, G.; MIRANDA, J.},
  title     = {Concordance Operations for Implicitly-Defined Manifolds},
  booktitle = {Proc. SIAM Conference on Geometric Design},
  year      = {1989},
  editor    = {SIAM Publications}
}

@InProceedings{Eaves76,
  author    = {Eaves, B. C.},
  title     = {A Short Course in Equations with PL Homotopies},
  booktitle = {Proc. SIAM - AMS},
  volume    = {9},
  year      = {1976},
  editor    = {SIAM Publications}
}

@ARTICLE{Re80,
 author={REQUICHA, A. A. G.},
 title={Representations for Rigid Solids: Theory, Methods and Systems},
 journal={ACM Comp. Surveys},
 volume={12},
 number={4},
 pages={437--464},
 year={1980}
}

@BOOK{elon,
 author={Lima, E. L.},
 title={Variedades Diferenci\'aveis},
 publisher={IMPA, CNPq},
 year={1981}
}

@BOOK{elon_an,
 author={Lima, E. L.},
 title={Curso de An\'alise, Vol 2},
 publisher={IMPA, CNPq},
 year={2011}
}

@BOOK{Mi,
 author={Milnor, J.},
 title={Topology form the Differentiable Viewpoint},
 publisher={The University of Virginia Press},
 year={1965}
}

@BOOK{jacob,
 author={Palis-Jr., J.; Melo, W.},
 title={Introdu\c{c}\~ao aos Sistemas Din\^amicos},
 publisher={IMPA, CNPq},
 year={1978}
}

   
@BOOK{Riemann,
 author={O'NEILL, B.},
 title={Semi-Riemannian Geometry With Applications to Relativity},
 publisher={Academic Press},
 year={1983}
}

@ARTICLE{Poincare,
 author={POINCAR\'E, H.},
 title={Sur les courbes defin\'e par une \'equation differencielle},
 journal={Gauthier-Villars, Paris},
 year={1881-1886}
}

@ARTICLE{Klein,
 author={KLEIN, F.},
 title={Neue Beitr\"age zur Riemannchen Funktionentheorie},
 journal={Math. Ann.},
 volume={21},
 year={1882-1883}
}

@ARTICLE{Bernstein,
 author={BERNSTEIN, S.},
 title={Sur la g\'en\'eralization du probl\`eme de Dirichlet},
 journal={Math. Ann.},
 volume={69},
 pages={82--136},
 year={1910}
}

@ARTICLE{KKT1,
 author={KALUZA, T.},
 title={Zum Unit\"atsproblem der Physik},
 journal={Sitzungsberichte der K\"oniglich Preubischen Akademie der Wissenschaften},
 pages={966--972},
 year={1921}
}

@ARTICLE{KKT2,
 author={KLEIN, O.},
 title={Quantum Theory and Five-Dimensional Theory of Relativity (In German and English)},
 journal={Zeitschrift f\"ur Physik},
 volume={37},
 number={12},
 pages={895--906},
 year={1926}
}

@ARTICLE{superG11,
 author={CREMMER, E. and JULIA, B. and SCHERK, J.},
 title={Supergravity Theory in 11 Dimensions},
 journal={Physics Letters B},
 volume={76},
 pages={409--412},
 year={1978}
}

@ARTICLE{superG10,
 author={GREEN, M. B. and SCHWARZ, J. H.},
 title={Anomaly Cancellations in Supersymmetric D = 10 Gauge Theory and Superstring Theory},
 journal={Physics Letters B},
 volume={149},
 pages={117--122},
 year={1984}
}

@ARTICLE{MTheo,
 author={WITTEN, E.},
 title={String Theory Dynamics in Various Dimensions},
 journal={Nuclear Physics B},
 volume={443},
 pages={85--126},
 year={1995}
}

@ARTICLE{CY1,
 author={CALABI, E.},
 title={On K\"ahler Manifolds with Vanishing Canonical Class},
 journal={Algebraic Geometry and Topology: A Symposium in Honor of Solomon Lefschetz},
 pages={78--89},
 year={1957}
}

@ARTICLE{CY2,
 author={YAU, ST.},
 title={Calabi's Conjecture and Some New Results in Algebraic Geometry},
 journal={Proceedings of the National Academy of Sciences},
 volume={74},
 number={5},
 pages={1798--1799},
 year={1977}
}

@ARTICLE{CY3,
 author={CANDELAS, P. and HOROWITZ, GT. and STROMINGER, A. and WITTEN, E.},
 title={Vacuum Configurations for Superstrings},
 journal={Nuclear Physics B},
 volume={258},
 pages={46--74},
 year={1985}
}

@ARTICLE{superG7,
 author={NILSSON, B. E. W. and POPE, C. N.},
 title={Hopf Fibration of Eleven-Dimensional Supergravity},
 journal={Supergravities in Diverse Dimensions},
 pages={1478--1494},
 year={1989}
}

@BOOK{AnManPhy,
 author={CHOQUET-BRUHAT, Y. and DEWITT-MORETTE, C. and DILLARD-BLEICK M.},
 title={Analysis, Manifolds, and Physics},
 publisher={Gulf Professional Publishing},
 year={1982}
}

@ARTICLE{MR4D,
 author={MICHAEL, M. and FRYDRYCHOWICZ, A. and KOZERKE S. and HOPE, M. and WIEBEN, O.},
 title={4D Flow MRI},
 journal={Journal of Magnetic Resonance Imaging (JRMI)},
 volume={36},
 number={5},
 pages={1015--1036},
 year={2012}
}

@ARTICLE{CT4D,
 author={PAN, T. and LEE, T. and RIETZEL, E. and CHEN, G. T. Y.},
 title={4D-CT Imaging of a Volume Influenced by Respiratory Motion on Multi-slice CT},
 journal={Medical Physics},
 volume={31},
 number={2},
 pages={333--340},
 year={2004}
}

@ARTICLE{US4D,
 author={GON\c CALVES, L. F. and LEE, W. and CHAIWORAPONGSA, T. and ESPINOZA, J. and SCHOEN, M. L. and FALKENSAMMER, P. and TREADWELL, M. and ROMERO, R.},
 title={Four-dimensional Ultrasonography of the Fetal Heart with Spatiotemporal Image Correlation},
 journal={American Journal of Obstetrics \& Gynecology (AJOG)},
 volume={189},
 number={6},
 pages={1792--1802},
 year={2003}
}

@ARTICLE{STSR,
 author={SHARF, A. and ALCANTARA, D. and LEWINER, T. and GREIF, C. and SHEFFER, A. and AMENTA, N. and COHEN-OR, D.},
 title={Space-Time Surface Reconstruction Using Incompressible Flow},
 journal={ACM Transaction on Graphics},
 volume={27},
 number={5},
 pages={110--120},
 year={2008}
}

@ARTICLE{Homotopie1,
 author={EAVES, B. C.},
 title={Homotopies for Computation of Fixed Points},
 journal={Mathematical Programming},
 volume={3},
 number={1},
 pages={1--22},
 year={1972}
}

@ARTICLE{Homotopie2,
 author={EAVES, B. C.},
 title={Homotopies for Computation of Fixed Points on Unbounded Regions},
 journal={Mathematical Programming},
 volume={3},
 number={1},
 pages={225--237},
 year={1972}
}

@ARTICLE{MHiper,
 author={BHANIRAMKA, P. and WENGER, R. and CRAWFIS, R.},
 title={Isosurface Construction in any Dimension Using Convex Hulls},
 journal={Transactions on Visualization and Computer Graphics},
 volume={10},
 number={2},
 pages={130--141},
 year={2004}
}

@ARTICLE{MTetra,
 author={DOI, A. and KOIDE, A.},
 title={An Efficient Method of Triangulating Equi-valued Surfaces by Using Tetrahedral Cells},
 journal={Transactions on Information and Systems},
 volume={1},
 pages={214--224},
 year={1991}
}

@ARTICLE{MTetra2,
 author={GU\'EZIEC, A. and HUMMEL, R.},
 title={Exploiting Triangulated Surface Extraction Using Tetrahedral Decomposition},
 journal={Transactions on Visualization and Computer Graphics},
 volume={1},
 number={4},
 pages={328--342},
 year={1995}
}

@ARTICLE{MTetra3,
 author={TREECE, G. M. and PRAGER, R. W. and GEE, A. H.},
 title={Regularised Marching Tetrahedra: Improved Iso-surface Extraction},
 journal={Computers \& Graphics},
 volume={23},
 number={4},
 pages={583--598},
 year={1999}
}

@ARTICLE{MC33,
 author={CHERNYAEV, E. V.},
 title={Marching Cubes 33: Construction of Topologically Correct Isosurfaces},
 journal={Technical Report CERN CN 95-17},
 year={1995}
}

@ARTICLE{MPC,
 author={HENDERSON, M. E.},
 title={Multiple Parameter Continuation: Computing Implicitly Defined k-manifolds},
 journal={International Journal of Bifurcation and Chaos},
 volume={12},
 number={3},
 pages={451--476},
 year={2002}
}

@ARTICLE{InvarManifold1,
 author={SIMO, C.},
 title={On the Analytical and Numerical Approximation of Invariant Manifolds},
 journal={13. \'Ecole de Printemps d'Astrophysique de Goutelas: Les m\'ethodes modernes de la m\'ecanique c\'eleste},
 pages={285--329},
 year={1990}
}

@ARTICLE{InvarManifold2,
 author={GUCKENHEIMER, J. and VLADIMIRSKY, A.},
 title={A Fast Method for Approximating Invariant Manifolds},
 journal={SIAM Journal on Applied Dynamical Systems},
 volume={3},
 number={3},
 pages={232--260},
 year={2004}
}

@ARTICLE{Isomap,
 author={TENENBAUM J. and SILVA V. and LANGFORD J.},
 title={A Global Geometric Framework for Non-linear Dimension Reduction},
 journal={Science},
 volume={290},
 number={5500},
 pages={2319--2323},
 year={2000}
}

@ARTICLE{LLE,
 author={ROWEIS, S. and SAUL, L.},
 title={Nonlinear dimensionality reduction by locally linear embedding},
 journal={Science},
 volume={290},
 number={5500},
 pages={2323--2326},
 year={2000}
}

@ARTICLE{IsoAprox,
 author={PLANTINGA, S. and VEGTER, G.},
 title={Isotopic Approximation of Implicit Curves and Surfaces},
 journal={ACM SIGGRAPH Symposium on Geometry Processing},
 pages={245--254},
 year={2004}
}

@ARTICLE{AdaptMesh,
 author={PAIVA, A. and LOPES, H. and LEWINER, T.},
 title={Robust Adaptive Meshes for Implicit Surfaces},
 journal={19th Brazilian Symposium on Computer Graphics and Image Processing (SIBGRAPI)},
 pages={205--212},
 year={2006}
}

@ARTICLE{PartUniImp,
 author={OHTAKE, Y. and BELYAEV, A. and ALEXA, M. and TURK, G. and SEIDEL, H.},
 title={Multi-Level Partition of Unity Implicits},
 journal={ACM Transactions on Graphics},
 volume={22},
 number={3},
 pages={463--470},
 year={2003}
}

@BOOK{AlGe90,
 author={ALLGOWER, E and GEORG, K},
 title={Numerical Continuation Methods},
 publisher={Sringer Verlag},
 year={1990}
}


@ARTICLE{AlGe80,
 author={ALLGOWER, E.; GEORG, K.},
 title={Simplicial and Continuation Methods for Approximating Fixed Points and Solutions to Systems of Equations},
 journal={SIAM REVIEW},
 volume={22},
 number={1},
 year={1980}
}

@BOOK{GaZa80,
 author={GARCIA, C. B.; ZANGWILL, W. I.},
 title={The Flex Algorithm, Numerical Solution of Highly Nonlinear Problems},
 publisher={W. Forster (ed.) North - Holland Publishing Company},
 year={1990}
}

@PHDTHESIS{Fr91,
 author={FREITAS, S. R.},
 title={Aproxima\c c\~oes Simpliciais de Variedades Implicitas e Equa\c c\~oes Alg\'ebrico-Diferenciais},
 address={Rio},
 school={PUC-Rio},
 year={1991}
}

@ARTICLE{Bl88,
 author={BLOOMENTHAL, J.},
 title={Polygonization of Implicit Surfaces},
 journal={CAGD 5},
 pages={341--355},
 year={1988}
}

@PHDTHESIS{Cas92,
 author={CASTELO, A.},
 title={Aproxima\c c\~oes Adaptativas de Variedades Impl\'{i}citas e Aplca\c{c}\~oes em Modelagem Impl\'{i}cita e Equa\c c\~oes Alg\'ebrico-Diferenciais},
 address={Rio},
 school={PUC-Rio},
 year={1992}
}

@ARTICLE{Cas06,
 author={CASTELO, A. and NONATO, L. G. and SIQUEIRA, M. and MINGHIM, R. and TAVARES, G.},
 title={The J1a Triangulation: an adaptive triangulation in any dimension},
 journal={Computers \& Graphics},
 volume={30},
 number={5},
 pages={737--753},
 year={2006}
}

@ARTICLE{Co34,
 author={COXETER, H. S. M.},
 title={Discrete Groups Generated by Reflections},
 journal={Annals of Mathematics},
 volume={35},
 pages={588--621},
 year={1934}
}

@BOOK{Ev73,
 author={EVEN, S.},
 title={Algorithmic Combinatorics},
 publisher={The Macmillan Company},
 year={1973}
}

@ARTICLE{Fd42,
 author={FREUDENTHAL, H.},
 title={Simplizalzerlegungen von Beschr$\ddot{a}$nkter Flachheit},
 journal={Annals of Mathematics},
 volume={43},
 pages={580--582},
 year={1942}
}

@ARTICLE{HaWa90,
 author={HALL, M. and WARREN, J.},
 title={Adaptive Polygonalization of Implicitly Defined Surfaces},
 journal={IEEE Computer Graphics and Applications},
 volume={10},
 number={6},
 pages={33--42},
 year={1990}
}

@ARTICLE{Ku68,
 author={KUHN, H. W.},
 title={Simplicial Approximation of Fixed Points},
 journal={Proceedings of National Academy of Sciences of United States of America},
 volume={61},
 pages={1238--1242},
 year={1968}
}

@ARTICLE{Lew03,
 author={LEWINER, T. and LOPES, H and VIEIRA, A. W and TAVARES, G.},
 title={Efficient implementation of Marching Cubes' cases with topological guarantees},
 journal={Journal of Graphics Tools},
 volume={8},
 number={2},
 pages={1--15},
 year={2003}
}

@ARTICLE{Lor87,
 author={LORENSEN, W. E. and CLINE, H. E.},
 title={Marching cubes: A high resolution 3d surface construction algorithm},
 journal={SIGGRAPH},
 pages={163--169},
 year={1987}
}

@BOOK{NiWi78,
 author={NIJENHUIS, A. and WILF, H. S.},
 title={Combinatorial Algorithms},
 publisher={Academic Press},
 year={1978}
}

@BOOK{PaWi79,
 author={PAGE, E. S. and WILSON, L. B.},
 title={An Introduction to Computational Combinatorics},
 publisher={Cambridge Computer Science Text - 9},
 year={1979}
}

@ARTICLE{Sc67,
 author={SCARF, H.},
 title={The Approximation of Fixed Points of a Continuous Mapping},
 journal={SIAM Journal on Applied Mathematics},
 volume={15},
 number={5},
 pages={1328--1343},
 year={1967}
}

@BOOK{NumLinAlg,
 author={TREFETHEN, L.N. and BAU, D.},
 title={Numerical Linear Algebra},
 publisher={SIAM},
 year={1997}
}

@ARTICLE{WeFl11,
 author={WEISS, K. and FLORIANI, L.},
 title={Simplex and Diamond Hierarchies: Models and Applications},
 journal={Computer Graphics Forum},
 volume={30},
 number={8},
 pages={2127--2155},
 year={2011}
}

@BOOK{cox2005,
 author={COX, D.A. and LITTLE, J. and O'SHEA, D.},
 title={Using Algebraic Geometry, Graduate Texts in Mathematics},
 journal={Computer Graphics Forum},
 publisher={Springer},
 year={2005}
}
